<record><leader>00000cas a2200000 a 4500</leader><controlfield tag="001">10663037</controlfield><controlfield tag="008">840425c19289999wyucr ne      0   a0eng d</controlfield><datafield ind1=" " ind2=" " tag="010"><subfield code="a">sn 84005270 </subfield></datafield><datafield ind1=" " ind2=" " tag="040"><subfield code="a">NSD</subfield><subfield code="b">eng</subfield><subfield code="c">NSD</subfield><subfield code="d">NPU</subfield><subfield code="d">PPM</subfield><subfield code="d">NVO</subfield><subfield code="d">NVG</subfield><subfield code="d">OCL</subfield><subfield code="d">OCLCQ</subfield><subfield code="d">OCLCF</subfield><subfield code="d">OCLCO</subfield></datafield><datafield ind1=" " ind2=" " tag="012"><subfield code="m">1</subfield></datafield><datafield ind1="1" ind2=" " tag="022"><subfield code="a">0747-2498</subfield><subfield code="l">0747-2498</subfield><subfield code="2">1</subfield></datafield><datafield ind1="1" ind2=" " tag="029"><subfield code="a">AU@</subfield><subfield code="b">000020429763</subfield></datafield><datafield ind1=" " ind2=" " tag="032"><subfield code="a">120440</subfield><subfield code="b">USPS</subfield></datafield><datafield ind1=" " ind2=" " tag="042"><subfield code="a">nsdp</subfield><subfield code="a">msc</subfield></datafield><datafield ind1=" " ind2=" " tag="043"><subfield code="a">n-us-wy</subfield></datafield><datafield ind1="0" ind2=" " tag="130"><subfield code="a">Cody enterprise (Cody, Wyo. : 1928)</subfield></datafield><datafield ind1=" " ind2="4" tag="222"><subfield code="a">The Cody enterprise</subfield></datafield><datafield ind1="1" ind2="4" tag="245"><subfield code="a">The Cody enterprise.</subfield></datafield><datafield ind1="1" ind2="3" tag="246"><subfield code="a">Cody enterprise and the Meeteetse news</subfield><subfield code="f">June 1940-July 11, 1945</subfield></datafield><datafield ind1="1" ind2="3" tag="246"><subfield code="a">Cody enterprise combined with the Cody times</subfield><subfield code="f">Apr. 30-May 14, 1953</subfield></datafield><datafield ind1=" " ind2=" " tag="260"><subfield code="a">Cody, Wyo. :</subfield><subfield code="b">E.F. Shaw,</subfield><subfield code="c">1928-</subfield></datafield><datafield ind1=" " ind2=" " tag="300"><subfield code="a">v.</subfield></datafield><datafield ind1=" " ind2=" " tag="310"><subfield code="a">Semiweekly,</subfield><subfield code="b">Apr. 1984-</subfield></datafield><datafield ind1=" " ind2=" " tag="321"><subfield code="a">Frequency varies,</subfield><subfield code="b">1928-Mar. 1984</subfield></datafield><datafield ind1="0" ind2=" " tag="362"><subfield code="a">Vol. 27, no. 21 (Jan. 4, 1928)-</subfield></datafield><datafield ind1=" " ind2=" " tag="525"><subfield code="a">Includes picture supplements in some issues. Titles include: "Lariat", 1954-1956; "Cody country", 1972; and "Touring Cody country", summers 1981-1983.</subfield></datafield><datafield ind1=" " ind2=" " tag="580"><subfield code="a">Absorbed: Meeteetse news, June 30, 1932; and The Cody times, Apr. 1953.</subfield></datafield><datafield ind1=" " ind2="0" tag="651"><subfield code="a">Park County (Wyo.)</subfield><subfield code="v">Newspapers.</subfield></datafield><datafield ind1=" " ind2="0" tag="651"><subfield code="a">Cody (Wyo.)</subfield><subfield code="v">Newspapers.</subfield></datafield><datafield ind1=" " ind2="7" tag="655"><subfield code="a">Newspapers.</subfield><subfield code="2">fast</subfield><subfield code="0">(OCoLC)fst01423814</subfield></datafield><datafield ind1=" " ind2="7" tag="651"><subfield code="a">Wyoming</subfield><subfield code="z">Cody.</subfield><subfield code="2">fast</subfield><subfield code="0">(OCoLC)fst01220175</subfield></datafield><datafield ind1=" " ind2="7" tag="651"><subfield code="a">Wyoming</subfield><subfield code="z">Park County.</subfield><subfield code="2">fast</subfield><subfield code="0">(OCoLC)fst01228120</subfield></datafield><datafield ind1=" " ind2=" " tag="752"><subfield code="a">United States</subfield><subfield code="b">Wyoming</subfield><subfield code="c">Park</subfield><subfield code="d">Cody.</subfield></datafield><datafield ind1="0" ind2="0" tag="780"><subfield code="t">Cody enterprise and the Park County herald</subfield><subfield code="w">(DLC)sn 92066930</subfield></datafield><datafield ind1="1" ind2="5" tag="780"><subfield code="t">Meeteetse news</subfield><subfield code="w">(DLC)sn 92066918</subfield></datafield><datafield ind1="1" ind2="5" tag="780"><subfield code="t">Cody times</subfield><subfield code="w">(DLC)sn 92067004</subfield></datafield></record>